@article{EvePaper,
  title={All about Eve: Execute-Verify Replication for Multi-Core Servers.},
  author={Kapritsos, Manos and Wang, Yang and Quema, Vivien and Clement, Allen and Alvisi, Lorenzo and Dahlin, Mike and others},
  journal={OSDI},
  volume={12},
  pages={237--250},
  year={2012}
}